@inproceedings{DBLP:conf/sigmod/ErlingALCGPPB15,
	author    = {Orri Erling and
	Alex Averbuch and
	Josep{-}Lluis Larriba{-}Pey and
	Hassan Chafi and
	Andrey Gubichev and
	Arnau Prat{-}P{\'{e}}rez and
	Minh{-}Duc Pham and
	Peter A. Boncz},
	title     = {The {LDBC} {S}ocial {N}etwork {B}enchmark: Interactive Workload},
	booktitle = {Proceedings of the 2015 {ACM} {SIGMOD} International Conference on
	Management of Data, Melbourne, Victoria, Australia, May 31 - June
	4, 2015},
	pages     = {619--630},
	year      = {2015},
	crossref  = {DBLP:conf/sigmod/2015},
	url       = {http://doi.acm.org/10.1145/2723372.2742786},
	doi       = {10.1145/2723372.2742786},
	timestamp = {Thu, 12 Nov 2015 16:33:38 +0100},
	biburl    = {http://dblp.uni-trier.de/rec/bib/conf/sigmod/ErlingALCGPPB15},
	bibsource = {dblp computer science bibliography, http://dblp.org}
}
@proceedings{DBLP:conf/sigmod/2015,
	editor    = {Timos K. Sellis and
	Susan B. Davidson and
	Zachary G. Ives},
	title     = {Proceedings of the 2015 {ACM} {SIGMOD} International Conference on
	Management of Data, Melbourne, Victoria, Australia, May 31 - June
	4, 2015},
	publisher = {{ACM}},
	year      = {2015},
	url       = {http://dl.acm.org/citation.cfm?id=2723372},
	isbn      = {978-1-4503-2758-9},
	timestamp = {Thu, 12 Nov 2015 16:33:38 +0100},
	biburl    = {http://dblp.uni-trier.de/rec/bib/conf/sigmod/2015},
	bibsource = {dblp computer science bibliography, http://dblp.org}
}

@article{DBLP:journals/pvldb/IosupHNHPMCCSAT16,
	author    = {Alexandru Iosup and
	Tim Hegeman and
	Wing Lung Ngai and
	Stijn Heldens and
	Arnau Prat{-}P{\'{e}}rez and
	Thomas Manhardt and
	Hassan Chafi and
	Mihai Capota and
	Narayanan Sundaram and
	Michael J. Anderson and
	Ilie Gabriel Tanase and
	Yinglong Xia and
	Lifeng Nai and
	Peter A. Boncz},
	title     = {{LDBC} {G}raphalytics: {A} Benchmark for Large-Scale Graph Analysis
	on Parallel and Distributed Platforms},
	journal   = {{PVLDB}},
	volume    = {9},
	number    = {13},
	pages     = {1317--1328},
	year      = {2016},
	url       = {http://www.vldb.org/pvldb/vol9/p1317-iosup.pdf},
	timestamp = {Fri, 09 Sep 2016 17:23:24 +0200},
	biburl    = {http://dblp.uni-trier.de/rec/bib/journals/pvldb/IosupHNHPMCCSAT16},
	bibsource = {dblp computer science bibliography, http://dblp.org}
}

@inproceedings{DBLP:conf/sigmod/CapotaHIPEB14,
	author    = {Mihai Capota and
	Tim Hegeman and
	Alexandru Iosup and
	Arnau Prat{-}P{\'{e}}rez and
	Orri Erling and
	Peter A. Boncz},
	title     = {Graphalytics: {A} Big Data Benchmark for Graph-Processing Platforms},
	booktitle = {Proceedings of the Third International Workshop on Graph Data Management
	Experiences and Systems, {GRADES} 2015, Melbourne, VIC, Australia,
	May 31 - June 4, 2015},
	pages     = {7:1--7:6},
	year      = {2015},
	crossref  = {DBLP:conf/sigmod/2015grades},
	url       = {http://doi.acm.org/10.1145/2764947.2764954},
	doi       = {10.1145/2764947.2764954},
	timestamp = {Tue, 21 Jul 2015 19:26:20 +0200},
	biburl    = {http://dblp.uni-trier.de/rec/bib/conf/sigmod/CapotaHIPEB14},
	bibsource = {dblp computer science bibliography, http://dblp.org}
}
@proceedings{DBLP:conf/sigmod/2015grades,
	editor    = {Josep{-}Lluis Larriba{-}Pey and
	Theodore L. Willke},
	title     = {Proceedings of the Third International Workshop on Graph Data Management
	Experiences and Systems, {GRADES} 2015, Melbourne, VIC, Australia,
	May 31 - June 4, 2015},
	publisher = {{ACM}},
	year      = {2015},
	url       = {http://doi.acm.org/10.1145/2764947},
	doi       = {10.1145/2764947},
	isbn      = {978-1-4503-3611-6},
	timestamp = {Tue, 21 Jul 2015 19:26:20 +0200},
	biburl    = {http://dblp.uni-trier.de/rec/bib/conf/sigmod/2015grades},
	bibsource = {dblp computer science bibliography, http://dblp.org}
}

@inproceedings{DBLP:conf/semweb/SpasicJP16,
	author    = {Mirko Spasic and
	Milos Jovanovik and
	Arnau Prat{-}P{\'{e}}rez},
	title     = {An {RDF} Dataset Generator for the {S}ocial {N}etwork {B}enchmark with Real-World
	Coherence},
	booktitle = {Proceedings of the Workshop on Benchmarking Linked Data {(BLINK} 2016)
	co-located with the 15th International Semantic Web Conference (ISWC),
	Kobe, Japan, October 18, 2016.},
	year      = {2016},
	crossref  = {DBLP:conf/semweb/2016blink},
	url       = {http://ceur-ws.org/Vol-1700/paper-02.pdf},
	timestamp = {Mon, 10 Oct 2016 15:42:52 +0200},
	biburl    = {http://dblp.uni-trier.de/rec/bib/conf/semweb/SpasicJP16},
	bibsource = {dblp computer science bibliography, http://dblp.org}
}
@proceedings{DBLP:conf/semweb/2016blink,
	editor    = {Irini Fundulaki and
	Anastasia Krithara and
	Axel{-}Cyrille Ngonga Ngomo and
	Vassiliki Rentoumi},
	title     = {Proceedings of the Workshop on Benchmarking Linked Data {(BLINK} 2016)
	co-located with the 15th International Semantic Web Conference (ISWC),
	Kobe, Japan, October 18, 2016},
	series    = {{CEUR} Workshop Proceedings},
	volume    = {1700},
	publisher = {CEUR-WS.org},
	year      = {2016},
	url       = {http://ceur-ws.org/Vol-1700},
	urn       = {urn:nbn:de:0074-1700-3},
	timestamp = {Mon, 10 Oct 2016 15:41:57 +0200},
	biburl    = {http://dblp.uni-trier.de/rec/bib/conf/semweb/2016blink},
	bibsource = {dblp computer science bibliography, http://dblp.org}
}

@article{DBLP:journals/sigmod/AnglesBLF0ENMKT14,
	author    = {Renzo Angles and
	Peter A. Boncz and
	Josep{-}Lluis Larriba{-}Pey and
	Irini Fundulaki and
	Thomas Neumann and
	Orri Erling and
	Peter Neubauer and
	Norbert Mart{\'{\i}}nez{-}Bazan and
	Venelin Kotsev and
	Ioan Toma},
	title     = {The {L}inked {D}ata {B}enchmark {C}ouncil: a graph and {RDF} industry benchmarking
	effort},
	journal   = {{SIGMOD} Record},
	volume    = {43},
	number    = {1},
	pages     = {27--31},
	year      = {2014},
	url       = {http://doi.acm.org/10.1145/2627692.2627697},
	doi       = {10.1145/2627692.2627697},
	timestamp = {Wed, 04 Jun 2014 21:15:24 +0200},
	biburl    = {http://dblp.uni-trier.de/rec/bib/journals/sigmod/AnglesBLF0ENMKT14},
	bibsource = {dblp computer science bibliography, http://dblp.org}
}
