@article{facebook_anatomy,
    author    = {Johan Ugander and
        Brian Karrer and
            Lars Backstrom and
            Cameron Marlow},
    title     = {The Anatomy of the Facebook Social Graph},
    journal   = {CoRR},
    volume    = {abs/1111.4503},
    year      = {2011},
    ee        = {http://arxiv.org/abs/1111.4503},
    bibsource = {DBLP, http://dblp.uni-trier.de}
}


@ONLINE{test_driver,
    author = {Alex Averbuch},
    title = {https://github.com/ldbc/ldbc\_driver},
    month = jun,
    year = {2014},
    url = {https://github.com/ldbc/ldbc\_driver}
}

@article{mcpherson2001birds,
  title={Birds of a feather: Homophily in social networks},
  author={McPherson, M. and Smith-Lovin, L. and Cook, J. M.},
  journal={Annual review of sociology},
  pages={415--444},
  year={2001},
  publisher={JSTOR}
}

@inproceedings{flashmobs,
    author    = {Jure Leskovec and
        Lars Backstrom and
            Ravi Kumar and
            Andrew Tomkins},
    title     = {Microscopic evolution of social networks},
    booktitle = {KDD},
    year      = {2008},
    pages     = {462-470},
    ee        = {http://doi.acm.org/10.1145/1401890.1401948},
    crossref  = {DBLP:conf/kdd/2008},
    bibsource = {DBLP, http://dblp.uni-trier.de}
}

@inproceedings{DBLP:conf/sigmod/ErlingALCGPPB15,
	author    = {Orri Erling and
	Alex Averbuch and
	Josep{-}Lluis Larriba{-}Pey and
	Hassan Chafi and
	Andrey Gubichev and
	Arnau Prat{-}P{\'{e}}rez and
	Minh{-}Duc Pham and
	Peter A. Boncz},
	title     = {The {LDBC} Social Network Benchmark: Interactive Workload},
	booktitle = {Proceedings of the 2015 {ACM} {SIGMOD} International Conference on
	Management of Data, Melbourne, Victoria, Australia, May 31 - June
	4, 2015},
	pages     = {619--630},
	year      = {2015},
	crossref  = {DBLP:conf/sigmod/2015},
	url       = {http://doi.acm.org/10.1145/2723372.2742786},
	doi       = {10.1145/2723372.2742786},
	timestamp = {Thu, 12 Nov 2015 16:33:38 +0100},
	biburl    = {http://dblp.uni-trier.de/rec/bib/conf/sigmod/ErlingALCGPPB15},
	bibsource = {dblp computer science bibliography, http://dblp.org}
}
@proceedings{DBLP:conf/sigmod/2015,
	editor    = {Timos K. Sellis and
	Susan B. Davidson and
	Zachary G. Ives},
	title     = {Proceedings of the 2015 {ACM} {SIGMOD} International Conference on
	Management of Data, Melbourne, Victoria, Australia, May 31 - June
	4, 2015},
	publisher = {{ACM}},
	year      = {2015},
	url       = {http://dl.acm.org/citation.cfm?id=2723372},
	isbn      = {978-1-4503-2758-9},
	timestamp = {Thu, 12 Nov 2015 16:33:38 +0100},
	biburl    = {http://dblp.uni-trier.de/rec/bib/conf/sigmod/2015},
	bibsource = {dblp computer science bibliography, http://dblp.org}
}