@article{facebook_anatomy,
    author    = {Johan Ugander and
        Brian Karrer and
            Lars Backstrom and
            Cameron Marlow},
    title     = {The Anatomy of the Facebook Social Graph},
    journal   = {CoRR},
    volume    = {abs/1111.4503},
    year      = {2011},
    ee        = {http://arxiv.org/abs/1111.4503},
    bibsource = {DBLP, http://dblp.uni-trier.de}
}


@ONLINE{test_driver,
    author = {Alex Averbuch},
    title = {https://github.com/ldbc/ldbc\_driver},
    month = jun,
    year = {2014},
    url = {https://github.com/ldbc/ldbc\_driver}
}

@article{mcpherson2001birds,
  title={Birds of a feather: Homophily in social networks},
  author={McPherson, M. and Smith-Lovin, L. and Cook, J. M.},
  journal={Annual review of sociology},
  pages={415--444},
  year={2001},
  publisher={JSTOR}
}

@inproceedings{flashmobs,
    author    = {Jure Leskovec and
        Lars Backstrom and
            Ravi Kumar and
            Andrew Tomkins},
    title     = {Microscopic evolution of social networks},
    booktitle = {KDD},
    year      = {2008},
    pages     = {462-470},
    ee        = {http://doi.acm.org/10.1145/1401890.1401948},
    crossref  = {DBLP:conf/kdd/2008},
    bibsource = {DBLP, http://dblp.uni-trier.de}
}

@inproceedings{DBLP:conf/vldb/Moerkotte98,
  author    = {Guido Moerkotte},
  title     = {Small Materialized Aggregates: {A} Light Weight Index Structure for
               Data Warehousing},
  booktitle = {{PVLDB}},
  pages     = {476--487},
  year      = {1998},
  url       = {http://www.vldb.org/conf/1998/p476.pdf},
  timestamp = {Wed, 29 Mar 2017 16:45:24 +0200},
  biburl    = {http://dblp.uni-trier.de/rec/bib/conf/vldb/Moerkotte98},
  bibsource = {dblp computer science bibliography, http://dblp.org}
}

@inproceedings{DBLP:conf/sigmod/ErlingALCGPPB15,
	author    = {Orri Erling and
	Alex Averbuch and
	Josep{-}Lluis Larriba{-}Pey and
	Hassan Chafi and
	Andrey Gubichev and
	Arnau Prat{-}P{\'{e}}rez and
	Minh{-}Duc Pham and
	Peter A. Boncz},
	title     = {The {LDBC} {S}ocial {N}etwork {B}enchmark: Interactive Workload},
	booktitle = {{SIGMOD}},
	pages     = {619--630},
	year      = {2015},
	url       = {http://doi.acm.org/10.1145/2723372.2742786},
	doi       = {10.1145/2723372.2742786},
	timestamp = {Thu, 12 Nov 2015 16:33:38 +0100},
	biburl    = {http://dblp.uni-trier.de/rec/bib/conf/sigmod/ErlingALCGPPB15},
	bibsource = {dblp computer science bibliography, http://dblp.org}
}


@article{DBLP:journals/pvldb/IosupHNHPMCCSAT16,
	author    = {Alexandru Iosup and
	Tim Hegeman and
	Wing Lung Ngai and
	Stijn Heldens and
	Arnau Prat{-}P{\'{e}}rez and
	Thomas Manhardt and
	Hassan Chafi and
	Mihai Capota and
	Narayanan Sundaram and
	Michael J. Anderson and
	Ilie Gabriel Tanase and
	Yinglong Xia and
	Lifeng Nai and
	Peter A. Boncz},
	title     = {{LDBC} {G}raphalytics: {A} Benchmark for Large-Scale Graph Analysis
	on Parallel and Distributed Platforms},
	journal   = {{PVLDB}},
	volume    = {9},
	number    = {13},
	pages     = {1317--1328},
	year      = {2016},
	url       = {http://www.vldb.org/pvldb/vol9/p1317-iosup.pdf},
	timestamp = {Fri, 09 Sep 2016 17:23:24 +0200},
	biburl    = {http://dblp.uni-trier.de/rec/bib/journals/pvldb/IosupHNHPMCCSAT16},
	bibsource = {dblp computer science bibliography, http://dblp.org}
}

@inproceedings{DBLP:conf/sigmod/CapotaHIPEB14,
	author    = {Mihai Capota and
	Tim Hegeman and
	Alexandru Iosup and
	Arnau Prat{-}P{\'{e}}rez and
	Orri Erling and
	Peter A. Boncz},
	title     = {Graphalytics: {A} Big Data Benchmark for Graph-Processing Platforms},
	booktitle = {{GRADES} at {SIGMOD}},
	pages     = {7:1--7:6},
	year      = {2015},
	url       = {http://doi.acm.org/10.1145/2764947.2764954},
	doi       = {10.1145/2764947.2764954},
	timestamp = {Tue, 21 Jul 2015 19:26:20 +0200},
	biburl    = {http://dblp.uni-trier.de/rec/bib/conf/sigmod/CapotaHIPEB14},
	bibsource = {dblp computer science bibliography, http://dblp.org}
}

@inproceedings{DBLP:conf/semweb/SpasicJP16,
	author    = {Mirko Spasic and
	Milos Jovanovik and
	Arnau Prat{-}P{\'{e}}rez},
	title     = {An {RDF} Dataset Generator for the {S}ocial {N}etwork {B}enchmark with Real-World
	Coherence},
	booktitle = {{BLINK}},
	year      = {2016},
	url       = {http://ceur-ws.org/Vol-1700/paper-02.pdf},
	timestamp = {Mon, 10 Oct 2016 15:42:52 +0200},
	biburl    = {http://dblp.uni-trier.de/rec/bib/conf/semweb/SpasicJP16},
	bibsource = {dblp computer science bibliography, http://dblp.org}
}

@article{DBLP:journals/sigmod/AnglesBLF0ENMKT14,
	author    = {Renzo Angles and
	Peter A. Boncz and
	Josep{-}Lluis Larriba{-}Pey and
	Irini Fundulaki and
	Thomas Neumann and
	Orri Erling and
	Peter Neubauer and
	Norbert Mart{\'{\i}}nez{-}Bazan and
	Venelin Kotsev and
	Ioan Toma},
	title     = {The {L}inked {D}ata {B}enchmark {C}ouncil: a graph and {RDF} industry benchmarking
	effort},
	journal   = {{SIGMOD} Record},
	volume    = {43},
	number    = {1},
	pages     = {27--31},
	year      = {2014},
	url       = {http://doi.acm.org/10.1145/2627692.2627697},
	doi       = {10.1145/2627692.2627697},
	timestamp = {Wed, 04 Jun 2014 21:15:24 +0200},
	biburl    = {http://dblp.uni-trier.de/rec/bib/journals/sigmod/AnglesBLF0ENMKT14},
	bibsource = {dblp computer science bibliography, http://dblp.org}
}

@inproceedings{DBLP:conf/btw/NeumannM09,
	author    = {Thomas Neumann and
	Guido Moerkotte},
	title     = {A Framework for Reasoning about Share Equivalence and Its Integration
	into a Plan Generator},
	booktitle = {{BTW}},
	pages     = {7--26},
	year      = {2009},
	url       = {http://subs.emis.de/LNI/Proceedings/Proceedings144/article5220.html},
	timestamp = {Wed, 19 Dec 2012 08:25:32 +0100},
	biburl    = {http://dblp.uni-trier.de/rec/bib/conf/btw/NeumannM09},
	bibsource = {dblp computer science bibliography, http://dblp.org}
}

@article{DBLP:journals/csur/Graefe93,
	author    = {Goetz Graefe},
	title     = {Query Evaluation Techniques for Large Databases},
	journal   = {{ACM} Comput. Surv.},
	volume    = {25},
	number    = {2},
	pages     = {73--170},
	year      = {1993},
	url       = {http://doi.acm.org/10.1145/152610.152611},
	doi       = {10.1145/152610.152611},
	timestamp = {Wed, 29 Mar 2017 16:45:28 +0200},
	biburl    = {http://dblp.uni-trier.de/rec/bib/journals/csur/Graefe93},
	bibsource = {dblp computer science bibliography, http://dblp.org}
}

@techreport{lissandrini17,
	author = {Lissandrini, Matteo and Brugnara, Martin and Velegrakis, Yannis},
	title = {An Evaluation Methodology and Experimental Comparison of Graph Databases},
	institution = {University of Trento},
	year = {2017},
	note = {\url{https://disi.unitn.it/~lissandrini/pdf/lissandrini-techreport-gdb.pdf}}
}

@inproceedings{DBLP:conf/tpctc/PhamBE12,
	author    = {Minh{-}Duc Pham and
	Peter A. Boncz and
	Orri Erling},
	title     = {{S3G2:} {A} Scalable Structure-Correlated Social Graph Generator},
	booktitle = {Selected Topics in Performance Evaluation and Benchmarking - 4th {TPC}
	Technology Conference, {TPCTC} 2012, Istanbul, Turkey, August 27,
	2012, Revised Selected Papers},
	pages     = {156--172},
	year      = {2012},
	url       = {https://doi.org/10.1007/978-3-642-36727-4_11},
	doi       = {10.1007/978-3-642-36727-4_11},
	timestamp = {Tue, 23 May 2017 01:12:14 +0200},
	biburl    = {http://dblp.uni-trier.de/rec/bib/conf/tpctc/PhamBE12},
	bibsource = {dblp computer science bibliography, http://dblp.org}
}

@article{TrainBenchmarkSOSYM,
	title = {The {T}rain {B}enchmark: Cross-Technology Performance Evaluation of Continuous Model Validation},
	journal = {Softw Syst Model},
	year = {2017},
	author = {G{\'a}bor Sz{\'a}rnyas and Benedek Izs{\'o} and Istv{\'a}n R{\'a}th and D{\'a}niel Varr{\'o}},
	publisher = {Springer}
}

@inproceedings{DBLP:conf/cidr/BarahmandG13,
	author    = {Sumita Barahmand and
	Shahram Ghandeharizadeh},
	title     = {{BG:} {A} Benchmark to Evaluate Interactive Social Networking Actions},
	booktitle = {{CIDR} 2013, Sixth Biennial Conference on Innovative Data Systems
	Research, Asilomar, CA, USA, January 6-9, 2013, Online Proceedings},
	year      = {2013},
	xxcrossref  = {DBLP:conf/cidr/2013},
	url       = {http://cidrdb.org/cidr2013/Papers/CIDR13_Paper93.pdf},
	timestamp = {Thu, 29 Jun 2017 19:21:39 +0200},
	biburl    = {http://dblp.uni-trier.de/rec/bib/conf/cidr/BarahmandG13},
	bibsource = {dblp computer science bibliography, http://dblp.org}
}
