@techreport{LdbcTechSpecification,
	author = {{LDBC Social Network Benchmark task force}},
	title = {The LDBC Social Network Benchmark (version 0.3.2)},
	institution = {Linked Data Benchmark Council},
	year = {2019},
	url = {https://ldbc.github.io/ldbc_snb_docs/ldbc-snb-specification.pdf}
}
